@misc{owaspTop10A06,
title={A06:2021 â€“ Vulnerable and Outdated Components},
   note={\url{https://owasp.org/Top10/A06_2021-Vulnerable_and_Outdated_Components/}},
   year={2021}
}

@article{luszcz2018apache,
	title={Apache struts 2: how technical and development gaps caused the equifax breach},
	author={Luszcz, Jeff},
	journal={Network Security},
	volume={2018},
	number={1},
	pages={5--8},
	year={2018},
	publisher={Elsevier}
}

@misc{CVE-2021-44228,
	author = {{The MITRE Corporation}},
	title={Apache Log4j2 Vulnerability},
	note={\url{https://cve.mitre.org/cgi-bin/cvename.cgi?name=CVE-2021-44228}},
	year={2021}
}

@misc{CVE-2017-5638,
	author = {{The MITRE Corporation}},
	title={Apache Struts 2 Vulnerability},
	note={\url{}https://cve.mitre.org/cgi-bin/cvename.cgi?name=CVE-2017-5638}},
year={2017}
}


@article{hiesgen2022race,
	title={The race to the vulnerable: Measuring the log4j shell incident},
	author={Hiesgen, Raphael and Nawrocki, Marcin and Schmidt, Thomas C and W{\"a}hlisch, Matthias},
	journal={arXiv preprint arXiv:2205.02544},
	year={2022}
}

@article{livshits2015defense,
	title={In defense of soundiness: A manifesto},
	author={Livshits, Benjamin and Sridharan, Manu and Smaragdakis, Yannis and Lhot{\'a}k, Ond{\v{r}}ej and Amaral, J Nelson and Chang, Bor-Yuh Evan and Guyer, Samuel Z and Khedker, Uday P and M{\o}ller, Anders and Vardoulakis, Dimitrios},
	journal={Communications of the ACM},
	volume={58},
	number={2},
	pages={44--46},
	year={2015},
	publisher={ACM New York, NY, USA}
}